<record xmlns="http://www.loc.gov/MARC21/slim" xmlns:xsi="http://www.w3.org/2001/XMLSchema-instance" xsi:schemaLocation="http://www.loc.gov/MARC21/slim http://www.loc.gov/standards/marcxml/schema/MARC21slim.xsd"><leader>01980nam a2200421   4500</leader><controlfield tag="001">3073589</controlfield><controlfield tag="003">NNC</controlfield><controlfield tag="006">m        d        </controlfield><controlfield tag="007">cr cn |||m|||a</controlfield><controlfield tag="008">150223s1936    ua ae   ob    001 0 arao </controlfield><datafield ind1=" " ind2=" " tag="040"><subfield code="a">NNU</subfield><subfield code="b">eng</subfield><subfield code="e">rda</subfield><subfield code="c">NNU</subfield></datafield><datafield ind1="0" ind2=" " tag="050"><subfield code="a">NA6089.K2</subfield><subfield code="b">F5</subfield></datafield><datafield ind1="1" ind2=" " tag="100"><subfield code="6">880-01</subfield><subfield code="a">Fikri&#772;, Ah&#803;mad.</subfield></datafield><datafield ind1="1" ind2="0" tag="245"><subfield code="6">880-02</subfield><subfield code="a">Masjid al-Qayrawa&#772;n /</subfield><subfield code="c">ta&#697;li&#772;f Ah&#803;mad Fikri&#772;.</subfield></datafield><datafield ind1=" " ind2=" " tag="260"><subfield code="6">880-03</subfield><subfield code="a">Mis&#803;r :</subfield><subfield code="b">Mat&#803;ba&#699;at al-Ma&#699;a&#772;rif wa-Maktabatuha&#772;,</subfield><subfield code="c">1355 [1936]</subfield></datafield><datafield ind1=" " ind2=" " tag="300"><subfield code="a">online resource (15, 160 pages) :</subfield><subfield code="b">illustrations, plans</subfield></datafield><datafield ind1=" " ind2=" " tag="336"><subfield code="a">text</subfield><subfield code="2">rdacontent</subfield></datafield><datafield ind1=" " ind2=" " tag="337"><subfield code="a">computer</subfield><subfield code="2">rdamedia</subfield></datafield><datafield ind1=" " ind2=" " tag="338"><subfield code="a">online resource</subfield><subfield code="2">rdacarrier</subfield></datafield><datafield ind1="1" ind2=" " tag="490"><subfield code="6">880-04</subfield><subfield code="a">Masa&#772;jid al-Isla&#772;m ;</subfield><subfield code="v">1</subfield></datafield><datafield ind1=" " ind2=" " tag="500"><subfield code="a">Cover title: al-Masjid al-Ja&#772;mi&#699; bi-al-Qayrawa&#772;n.</subfield></datafield><datafield ind1=" " ind2=" " tag="500"><subfield code="a">Part of the Arabic Collections Online (ACO) project, contributed by Columbia University Libraries.</subfield></datafield><datafield ind1=" " ind2=" " tag="504"><subfield code="a">Includes bibliographical references (pages 145-152) and index.</subfield></datafield><datafield ind1=" " ind2=" " tag="533"><subfield code="a">Electronic reproduction.</subfield><subfield code="b">New York, N.Y. :</subfield><subfield code="c">New York University,</subfield><subfield code="d">2015.</subfield><subfield code="5">NNU</subfield></datafield><datafield ind1="2" ind2="0" tag="610"><subfield code="a">Ja&#772;mi&#699; &#699;Uqbah ibn Na&#772;fi&#699; (Qayrawa&#772;n, Tunisia)</subfield></datafield><datafield ind1="2" ind2="7" tag="610"><subfield code="a">Ja&#772;mi&#699; &#699;Uqbah ibn Na&#772;fi&#699; (Qayrawa&#772;n, Tunisia)</subfield><subfield code="2">fast</subfield><subfield code="0">(OCoLC)fst00584487</subfield></datafield><datafield ind1="2" ind2=" " tag="710"><subfield code="a">Columbia University.</subfield><subfield code="b">Libraries.</subfield></datafield><datafield ind1="0" ind2=" " tag="730"><subfield code="a">Arabic Collections Online.</subfield></datafield><datafield ind1="0" ind2="8" tag="776"><subfield code="i">Print version:</subfield><subfield code="a">Fikri&#772;, Ah&#803;mad.</subfield><subfield code="t">Masjid al-Qayrawa&#772;n</subfield><subfield code="w">(NNC)3073589</subfield><subfield code="w">(DLC)   59054282 </subfield><subfield code="w">(OCoLC)21645657</subfield></datafield><datafield ind1=" " ind2="0" tag="830"><subfield code="6">880-05</subfield><subfield code="a">Masa&#772;jid al-Isla&#772;m ;</subfield><subfield code="v">1.</subfield></datafield><datafield ind1="4" ind2="0" tag="856"><subfield code="u">http://hdl.handle.net/2333.1/z34tmrfp</subfield></datafield><datafield ind1="1" ind2=" " tag="880"><subfield code="6">100-01/r</subfield><subfield code="a">&#1601;&#1603;&#1585;&#1610;&#1548; &#1575;&#1581;&#1605;&#1583;.</subfield></datafield><datafield ind1="1" ind2="0" tag="880"><subfield code="6">245-02/r</subfield><subfield code="a">&#1605;&#1587;&#1580;&#1583; &#1575;&#1604;&#1602;&#1610;&#1585;&#1608;&#1575;&#1606; /</subfield><subfield code="c">&#1578;&#1604;&#1610;&#1601; &#1575;&#1581;&#1605;&#1583; &#1601;&#1603;&#1585;&#1610;.</subfield></datafield><datafield ind1=" " ind2=" " tag="880"><subfield code="6">260-03/r</subfield><subfield code="a">&#1605;&#1589;&#1585; :</subfield><subfield code="b">&#1605;&#1591;&#1576;&#1593;&#1577; &#1575;&#1604;&#1605;&#1593;&#1575;&#1585;&#1601; &#1608;&#1605;&#1603;&#1578;&#1576;&#1578;&#1607;&#1575;&#1548;</subfield><subfield code="c">1355 [1936]</subfield></datafield><datafield ind1="1" ind2=" " tag="880"><subfield code="6">490-04/r</subfield><subfield code="a">&#1605;&#1587;&#1575;&#1580;&#1583; &#1575;&#1604;&#1575;&#1587;&#1604;&#1575;&#1605; &#1563;</subfield><subfield code="v">1</subfield></datafield><datafield ind1="1" ind2=" " tag="880"><subfield code="6">830-05/r</subfield><subfield code="a">&#1605;&#1587;&#1575;&#1580;&#1583; &#1575;&#1604;&#1575;&#1587;&#1604;&#1575;&#1605; &#1563;</subfield><subfield code="v">1</subfield></datafield><datafield ind1=" " ind2=" " tag="959"><subfield code="a">NNU</subfield><subfield code="b">WEB</subfield><subfield code="c">GENI</subfield><subfield code="t">0</subfield><subfield code="m">Electronic access</subfield><subfield code="s">01</subfield></datafield><datafield ind1=" " ind2=" " tag="999"><subfield code="i">NNC_3073589</subfield><subfield code="o">(OCoLC)21645657</subfield><subfield code="s">columbia_aco000034</subfield></datafield></record>